<record><leader>00000cas a2200000 a 4500</leader><controlfield tag="001">213882662</controlfield><controlfield tag="008">080325d19972001gauwr ne      |    0eng c</controlfield><datafield ind1=" " ind2=" " tag="010"><subfield code="a">  2008233480</subfield></datafield><datafield ind1=" " ind2=" " tag="040"><subfield code="a">GUA</subfield><subfield code="b">eng</subfield><subfield code="c">GUA</subfield><subfield code="d">GUA</subfield><subfield code="d">OCLCQ</subfield><subfield code="d">OCLCF</subfield><subfield code="d">OCLCO</subfield></datafield><datafield ind1=" " ind2=" " tag="042"><subfield code="a">pcc</subfield></datafield><datafield ind1=" " ind2=" " tag="043"><subfield code="a">n-us-ga</subfield></datafield><datafield ind1=" " ind2=" " tag="090"><subfield code="a">AN13 .M175</subfield><subfield code="b">M5</subfield></datafield><datafield ind1="0" ind2="0" tag="245"><subfield code="a">Morgan County citizen.</subfield></datafield><datafield ind1=" " ind2=" " tag="260"><subfield code="a">Madison, GA :</subfield><subfield code="b">Main Street Communications, Inc.,</subfield><subfield code="c">1997-2001.</subfield></datafield><datafield ind1=" " ind2=" " tag="300"><subfield code="a">v.</subfield></datafield><datafield ind1=" " ind2=" " tag="310"><subfield code="a">Weekly</subfield></datafield><datafield ind1="1" ind2=" " tag="362"><subfield code="a">Began with 1997.</subfield></datafield><datafield ind1="0" ind2=" " tag="362"><subfield code="a">-v. 5, no. 22 (May 30, 2001).</subfield></datafield><datafield ind1=" " ind2=" " tag="580"><subfield code="a">Merged with: Madisonian (Madison, Ga.: 1957), to form: Morgan County citizen the Madisonian.</subfield></datafield><datafield ind1=" " ind2=" " tag="588"><subfield code="a">Description based on first issue; title from caption.</subfield></datafield><datafield ind1=" " ind2="0" tag="651"><subfield code="a">Madison (Ga.)</subfield><subfield code="v">Newspapers.</subfield></datafield><datafield ind1=" " ind2="0" tag="651"><subfield code="a">Morgan County (Ga.)</subfield><subfield code="v">Newspapers.</subfield></datafield><datafield ind1=" " ind2="7" tag="655"><subfield code="a">Newspapers.</subfield><subfield code="2">fast</subfield><subfield code="0">(OCoLC)fst01423814</subfield></datafield><datafield ind1=" " ind2="7" tag="651"><subfield code="a">Georgia</subfield><subfield code="z">Madison.</subfield><subfield code="2">fast</subfield><subfield code="0">(OCoLC)fst01220280</subfield></datafield><datafield ind1=" " ind2="7" tag="651"><subfield code="a">Georgia</subfield><subfield code="z">Morgan County.</subfield><subfield code="2">fast</subfield><subfield code="0">(OCoLC)fst01212298</subfield></datafield><datafield ind1=" " ind2=" " tag="752"><subfield code="a">United States</subfield><subfield code="b">Georgia</subfield><subfield code="c">Morgan</subfield><subfield code="d">Madison.</subfield></datafield><datafield ind1="1" ind2="7" tag="785"><subfield code="t">Madisonian (Madison, Ga.: 1957)</subfield><subfield code="w">(DLC)sn 89053155</subfield><subfield code="w">(OCoLC)19928349</subfield></datafield><datafield ind1="1" ind2="7" tag="785"><subfield code="t">Morgan County citizen the Madisonian</subfield><subfield code="w">(DLC)  2008233485</subfield><subfield code="w">(OCoLC)213882768</subfield></datafield></record>